@misc{Ruderman2017,
	author = {Ruderman, Jesse},
	booktitle = {MDN},
	mendeley-groups = {Temas de disserta{\c{c}}{\~{a}}o/Seguran{\c{c}}a em JS},
	title = {{Same-origin Policy}},
	url = {https://developer.mozilla.org/en-US/docs/Web/Security/Same-origin{\_}policy},
	urldate = {09/12/2017},
	year = {2017}
}

@misc{Barth2011,
	author = {Barth, Adam},
	booktitle = {Internet Engineering Task Force},
	mendeley-groups = {Temas de disserta{\c{c}}{\~{a}}o/Seguran{\c{c}}a em JS},
	title = {{The Web Origin Concept}},
	url = {https://tools.ietf.org/html/rfc6454},
	urldate = {09/12/2017},
	year = {2011}
}

@misc{Spring2017,
	author = {Spring, Tom},
	booktitle = {ThreatPost Blog},
	mendeley-groups = {Temas de disserta{\c{c}}{\~{a}}o/Seguran{\c{c}}a em JS},
	title = {{Copyfish Browser Extension Hijacked to Spew Spam}},
	url = {https://threatpost.com/copyfish-browser-extension-hijacked-to-spew-spam/127125/},
	urldate = {2017-12-09},
	year = {2017}
}

@misc{Google2017,
	author = {Google},
	mendeley-groups = {Temas de disserta{\c{c}}{\~{a}}o/Seguran{\c{c}}a em JS},
	title = {{Autoupdating}},
	url = {https://developer.chrome.com/extensions/autoupdate},
	urldate = {2017-12-09},
	year = {2017}
}

@article{Hedin2016,
	author = {Hedin, Daniel and Bello, Luciano and Sabelfeld, Andrei},
	doi = {10.3233/JCS-160544},
	file = {:C$\backslash$:/Users/humberto/Documents/Mendeley Desktop/Hedin, Bello, Sabelfeld/Journal of Computer Security/Hedin, Bello, Sabelfeld - 2016 - Information-flow security for JavaScript and its APIs.pdf:pdf},
	issn = {0926227X},
	journal = {Journal of Computer Security},
	keywords = {JavaScript,Web application security,information flow,noninterference,reference monitoring},
	mendeley-groups = {Temas de disserta{\c{c}}{\~{a}}o/Seguran{\c{c}}a em JS},
	number = {2},
	pages = {181--234},
	title = {{Information-flow security for JavaScript and its APIs}},
	volume = {24},
	year = {2016}
}

@misc{Forrest2017,
	author = {Forrest, Conner},
	booktitle = {TechRepublic},
	mendeley-groups = {Temas de disserta{\c{c}}{\~{a}}o/Seguran{\c{c}}a em JS},
	title = {{Warning: These 8 Google Chrome extensions have been hijacked by a hacker}},
	url = {https://www.techrepublic.com/article/warning-these-8-google-chrome-extensions-have-been-hijacked-by-a-hacker/},
	year = {2017}
}

@misc{Segura2017,
	author = {Segura, J{\'{e}}r{\^{o}}me},
	booktitle = {MalwareBytes Labs Blog},
	mendeley-groups = {Temas de disserta{\c{c}}{\~{a}}o/Seguran{\c{c}}a em JS},
	title = {{Malvertising on Equifax, TransUnion tied to third party script}},
	url = {https://blog.malwarebytes.com/threat-analysis/2017/10/equifax-transunion-websites-push-fake-flash-player/},
	urldate = {2017-12-09},
	year = {2017}
}

@inproceedings{Foster1998,
	address = {New York, New York, USA},
	author = {Foster, Ian and Kesselman, Carl and Tsudik, Gene and Tuecke, Steven},
	booktitle = {Proceedings of the 5th ACM conference on Computer and communications security - CCS '98},
	doi = {10.1145/288090.288111},
	file = {:C$\backslash$:/Users/humberto/Documents/Mendeley Desktop/Foster et al/Proceedings of the 5th ACM conference on Computer and communications security - CCS '98/Foster et al. - 1998 - A security architecture for computational grids.pdf:pdf},
	isbn = {1581130074},
	mendeley-groups = {Temas de disserta{\c{c}}{\~{a}}o/Seguran{\c{c}}a em JS},
	number = {2},
	pages = {83--92},
	publisher = {ACM Press},
	title = {{A security architecture for computational grids}},
	url = {http://portal.acm.org/citation.cfm?doid=288090.288111},
	volume = {44},
	year = {1998}
}

@misc{Hill2016,
	author = {Hill, Brad},
	booktitle = {W3C Working Group Note},
	mendeley-groups = {Temas de disserta{\c{c}}{\~{a}}o/Seguran{\c{c}}a em JS},
	title = {{CORS for Developers}},
	url = {https://w3c.github.io/webappsec-cors-for-developers/},
	urldate = {21/11/2017},
	year = {2016}
}

@article{Heule2015_IFC_Inside,
	author = {Heule, Stefan and Stefan, D and Yang, Ez and Mitchell, Jc and Russo, A},
	journal = {Post},
	number = {Section 2},
	title = {{IFC Inside: A General Approach to Retrofitting Languages with Dynamic Information Flow Control}},
	url = {http://web.mit.edu/{~}ezyang/Public/IFCInside.pdf},
	year = {2015}
}

@article{Vanunu2016,
	author = {Vanunu, Oded},
	journal = {Check Point Threat Research},
	title = {{eBay Platform Exposed to Severe Vulnerability}},
	url = {http://blog.checkpoint.com/2016/02/02/ebay-platform-exposed-to-severe-vulnerability/},
	year = {2016}
}

@misc{Dorfman2013,
	author = {Dorfman, Justin},
	booktitle = {MaxCDN Blog},
	title = {{BootstrapCDN Security Post-Mortem}},
	url = {https://www.maxcdn.com/blog/bootstrapcdn-security-post-mortem/},
	year = {2013}
}

@misc{Kinlan2015,
	author = {Kinlan, Paul},
	title = {{Detecting injected content from third-parties on your site}},
	url = {https://paul.kinlan.me/detecting-injected-content/},
	year = {2015}
}

@article{Denning1976,
	author = {Denning, Dorothy E},
	doi = {10.1145/360051.360056},
	isbn = {0001-0782},
	issn = {0001-0782},
	journal = {Commun. ACM},
	number = {5},
	pages = {236--243},
	title = {{A lattice model of secure information flow}},
	url = {http://doi.acm.org/10.1145/360051.360056},
	volume = {19},
	year = {1976}
}

@article{ISO2016,
	author = {{ISO}},
	journal = {ISO.org [Online]},
	keywords = {ISO/IEC},
	pages = {42},
	title = {{ISO/IEC 27000: 2016 Glossary}},
	url = {http://standards.iso.org/ittf/PubliclyAvailableStandards/},
	volume = {2016},
	year = {2016}
}

@inproceedings{Goguen1982,
	author = {Goguen, J. A. and Meseguer, J.},
	booktitle = {1982 IEEE Symposium on Security and Privacy},
	doi = {10.1109/SP.1982.10014},
	isbn = {0-8186-0410-7},
	month = {apr},
	pages = {11--11},
	publisher = {IEEE},
	title = {{Security Policies and Security Models}},
	url = {http://ieeexplore.ieee.org/document/6234468/},
	year = {1982}
}

@misc{OWASP:XSS,
	author = {OWASP},
	publisher = {OWASP},
	title = {{Cross-site Scripting (XSS)}},
	url = {https://www.owasp.org/index.php/Cross-site_Scripting_(XSS)},
	urldate = {05/03/2017},
	year = {2016}
}

@misc{OWASP:XSS-CheatSheet,
	author = {Williams, Jeff and Manico, Jim and Mattatall, Neil},
	publisher = {OWASP},
	title = {{XSS (Cross Site Scripting) Prevention Cheat Sheet}},
	url = {https://www.owasp.org/index.php/XSS_(Cross_Site_Scripting)_Prevention_Cheat_Sheet},
	urldate = {05/03/2017},
	year = {2016}
}

@misc{W3C:CORS,
	author = {W3C},
	title = {{Cross-Origin Resource Sharing}},
	url = {https://www.w3.org/TR/cors/},
	urldate = {05/03/2017},
	year = {2014}
}

@misc{W3C:WebAppSec,
	author = {W3C},
	title = {{Web Application Security Working Group}},
	url = {https://www.w3.org/2011/webappsec/},
	urldate = {05/03/2017},
	year = {2017}
}

@misc{W3C:SOP,
	author = {W3C},
	title = {{Same Origin Policy}},
	url = {https://www.w3.org/Security/wiki/Same_Origin_Policy},
	urldate = {05/03/2017},
	year = {2010}
}

@misc{W3C:ShadowDOM,
	author = {W3C},
	title = {{Shadow DOM}},
	url = {https://www.w3.org/TR/shadow-dom/},
	urldate = {05/03/2017},
	year = {2017}
}

@misc{W3C:iframes,
	author = {W3C},
	title = {{IFRAME}},
	url = {https://www.w3.org/TR/html401/present/frames.html#h-16.5},
	urldate = {05/03/2017},
	year = {1999}
}

@misc{CanIUse:CSP,
	abstract = {Mitigate cross-site scripting attacks by whitelisting allowed sources of script, style, and other resources.},
	author = {Deveria, Alexis},
	title = {{Can I Use: Content Security Policy 1.0}},
	url = {http://caniuse.com/\#search=Content security policy},
	urldate = {2017-03-05},
	year = {2016}
}

@misc{CanIUse:CORS,
	abstract = {Method of performing XMLHttpRequests across domains},
	author = {Deveria, Alexis},
	title = {{Can I Use: Cross-Origin Resource Sharing}},
	url = {http://caniuse.com/\#feat=cors},
	urldate = {2017-03-05},
	year = {2016}
}

@TechReport{W3C:CSP,
	author      = {Barth, Adam and Veditz, Daniel and West, Mike},
	title       = {Content Security Policy Level 2},
	month       = {dec},
	note        = {https://www.w3.org/TR/2016/REC-CSP2-20161215/},
	year        = {2016},
	bibsource   = {http://w2.syronex.com/jmr/w3c-biblio},
	type        = {W3C Recommendation},
	institution = {W3C},
}

@article{goldberg1996randomness,
	title={Randomness and the Netscape browser},
	author={Goldberg, Ian and Wagner, David},
	year={1996}
}

@article{Hedin2014,
	author = {Hedin, Daniel and Birgisson, Arnar and Bello, Luciano and Sabelfeld, Andrei},
	doi = {10.1145/2554850.2554909},
	isbn = {9781450324694},
	journal = {Proceedings of the 29th Annual ACM Symposium on Applied Computing},
	keywords = {dynamic analysis,information flow,javascript},
	pages = {1663--1671},
	title = {{JSFlow: Tracking information flow in JavaScript and its APIs}},
	year = {2014}
}

@article{Heule2015_Most_Dangerous_Code,
	author = {Heule, Stefan and Rifkin, Devon and Russo, Alejandro and Stefan, Deian},
	journal = {Usenix},
	title = {{The Most Dangerous Code in the Browser}},
	year = {2015}
}

@inproceedings{Yang2013,
	author = {Yang, Edward Z. and Stefan, Deian and Mitchell, John and Mazi\`{e}res, David and Marchenko, Petr and Karp, Brad},
	title = {Toward Principled Browser Security},
	booktitle = {Proceedings of the 14th USENIX Conference on Hot Topics in Operating Systems},
	series = {HotOS'13},
	year = {2013},
	location = {Santa Ana Pueblo, New Mexcio},
	pages = {1-7},
	url = {http://dl.acm.org/citation.cfm?id=2490483.2490500},
	acmid = {2490500},
	publisher = {USENIX Association},
	address = {Berkeley, CA, USA}
}

@article{DeRyck2012,
	author = {{DeRyck}, Philippe and Decat, Maarten and Desmet, Lieven and Piessens, Frank and Joosen, Wouter},
	doi = {10.1007/978-3-642-27937-9_16},
	isbn = {9783642279362},
	issn = {03029743},
	journal = {Lecture Notes in Computer Science (including subseries Lecture Notes in Artificial Intelligence and Lecture Notes in Bioinformatics)},
	pages = {223--238},
	title = {{Security of web mashups: A survey}},
	volume = {7127 LNCS},
	year = {2012}
}

@incollection{Bichhawat2014,
	author = {Bichhawat, Abhishek and Rajani, Vineet and Garg, Deepak and Hammer, Christian},
	booktitle = {Principles of Security and Trust},
	doi = {10.1007/978-3-642-54792-8_9},
	isbn = {978-3-642-54792-8},
	keywords = {control flow graphs,dynamic information flow control,immediate post-dominator analysis,javascript bytecode,taint tracking},
	pages = {159--178},
	title = {{Information Flow Control in WebKit's JavaScript Bytecode}},
	year = {2014}
}

@article{Magazinius2014,
	author = {Magazinius, Jonas and Hedin, Daniel and Sabelfeld, Andrei},
	doi = {10.1007/978-3-319-04897-0_10},
	isbn = {9783319048963},
	issn = {16113349},
	journal = {Lecture Notes in Computer Science (including subseries Lecture Notes in Artificial Intelligence and Lecture Notes in Bioinformatics)},
	pages = {141--160},
	title = {{Architectures for inlining security monitors in web applications}},
	volume = {8364 LNCS},
	year = {2014}
}

@phdthesis{stefan:2015:phdthesis,
	title = {Principled and Practical Web Application Security},
	author = {Deian Stefan},
	year = {2015},
	month = {December},
	school = {Stanford University},
	pages = {30--31}
}

@inproceedings{Hedin2012,
	author = {Hedin, Daniel and Sabelfeld, Andrei},
	booktitle = {2012 IEEE 25th Computer Security Foundations Symposium},
	doi = {10.1109/CSF.2012.19},
	isbn = {978-1-4673-1918-8},
	month = {jun},
	pages = {3--18},
	publisher = {IEEE},
	title = {{Information-Flow Security for a Core of JavaScript}},
	year = {2012}
}

@article{Rajani2015,
	author = {Rajani, Vineet and Bichhawat, Abhishek and Garg, Deepak and Hammer, Christian},
	doi = {10.1109/CSF.2015.32},
	isbn = {9781467375382},
	issn = {10636900},
	journal = {Proceedings of the Computer Security Foundations Workshop},
	pages = {366--379},
	title = {{Information Flow Control for Event Handling and the DOM in Web Browsers}},
	volume = {2015-Septe},
	year = {2015}
}

@article{Jang2010,
	author = {Jang, Dongseok and Jhala, Ranjit and Lerner, Sorin and Shacham, Hovav},
	doi = {10.1145/1866307.1866339},
	isbn = {9781450302456},
	issn = {15437221},
	journal = {Proceedings of the 17th ACM conference on Computer and communications security - CCS '10},
	keywords = {dynamic analysis,history sniffing,information flow,javascript,plication,privacy,rewriting,web ap-,web security},
	pages = {270},
	title = {{An empirical study of privacy-violating information flows in JavaScript web applications}},
	year = {2010}
}

@article{Stefan2014,
	author = {Stefan, Deian and Yang, Ez and Karp, Brad and Marchenko, Petr},
	isbn = {9781931971164},
	journal = {{OSDI}},
	title = {{Protecting Users by Confining JavaScript with COWL}},
	year = {2014}
}
